%YAML 1.1
%TAG !u! tag:unity3d.com,2011:
--- !u!1001 &871949771610007019
PrefabInstance:
  m_ObjectHideFlags: 0
  serializedVersion: 2
  m_Modification:
    m_TransformParent: {fileID: 5243549946792364460}
    m_Modifications:
    - target: {fileID: 1918340364133390533, guid: 38c92214eee2a334ba6e19e12677392f, type: 3}
      propertyPath: m_Name
      value: PickUpCoin (7)
      objectReference: {fileID: 0}
    - target: {fileID: 2407705023285136423, guid: 38c92214eee2a334ba6e19e12677392f, type: 3}
      propertyPath: m_RootOrder
      value: 20
      objectReference: {fileID: 0}
    - target: {fileID: 2407705023285136423, guid: 38c92214eee2a334ba6e19e12677392f, type: 3}
      propertyPath: m_LocalPosition.x
      value: -1
      objectReference: {fileID: 0}
    - target: {fileID: 2407705023285136423, guid: 38c92214eee2a334ba6e19e12677392f, type: 3}
      propertyPath: m_LocalPosition.y
      value: 0.6
      objectReference: {fileID: 0}
    - target: {fileID: 2407705023285136423, guid: 38c92214eee2a334ba6e19e12677392f, type: 3}
      propertyPath: m_LocalPosition.z
      value: 5
      objectReference: {fileID: 0}
    - target: {fileID: 2407705023285136423, guid: 38c92214eee2a334ba6e19e12677392f, type: 3}
      propertyPath: m_LocalRotation.x
      value: -0
      objectReference: {fileID: 0}
    - target: {fileID: 2407705023285136423, guid: 38c92214eee2a334ba6e19e12677392f, type: 3}
      propertyPath: m_LocalRotation.y
      value: -0
      objectReference: {fileID: 0}
    - target: {fileID: 2407705023285136423, guid: 38c92214eee2a334ba6e19e12677392f, type: 3}
      propertyPath: m_LocalRotation.z
      value: -0
      objectReference: {fileID: 0}
    m_RemovedComponents: []
  m_SourcePrefab: {fileID: 100100000, guid: 38c92214eee2a334ba6e19e12677392f, type: 3}
--- !u!1001 &1814362156178476246
PrefabInstance:
  m_ObjectHideFlags: 0
  serializedVersion: 2
  m_Modification:
    m_TransformParent: {fileID: 5243549946792364460}
    m_Modifications:
    - target: {fileID: 1918340364133390533, guid: 38c92214eee2a334ba6e19e12677392f, type: 3}
      propertyPath: m_Name
      value: PickUpCoin (3)
      objectReference: {fileID: 0}
    - target: {fileID: 2407705023285136423, guid: 38c92214eee2a334ba6e19e12677392f, type: 3}
      propertyPath: m_RootOrder
      value: 16
      objectReference: {fileID: 0}
    - target: {fileID: 2407705023285136423, guid: 38c92214eee2a334ba6e19e12677392f, type: 3}
      propertyPath: m_LocalPosition.x
      value: -1
      objectReference: {fileID: 0}
    - target: {fileID: 2407705023285136423, guid: 38c92214eee2a334ba6e19e12677392f, type: 3}
      propertyPath: m_LocalPosition.y
      value: 0.6
      objectReference: {fileID: 0}
    - target: {fileID: 2407705023285136423, guid: 38c92214eee2a334ba6e19e12677392f, type: 3}
      propertyPath: m_LocalPosition.z
      value: 3
      objectReference: {fileID: 0}
    - target: {fileID: 2407705023285136423, guid: 38c92214eee2a334ba6e19e12677392f, type: 3}
      propertyPath: m_LocalRotation.x
      value: -0
      objectReference: {fileID: 0}
    - target: {fileID: 2407705023285136423, guid: 38c92214eee2a334ba6e19e12677392f, type: 3}
      propertyPath: m_LocalRotation.y
      value: -0
      objectReference: {fileID: 0}
    - target: {fileID: 2407705023285136423, guid: 38c92214eee2a334ba6e19e12677392f, type: 3}
      propertyPath: m_LocalRotation.z
      value: -0
      objectReference: {fileID: 0}
    m_RemovedComponents: []
  m_SourcePrefab: {fileID: 100100000, guid: 38c92214eee2a334ba6e19e12677392f, type: 3}
--- !u!1001 &2262385208329539287
PrefabInstance:
  m_ObjectHideFlags: 0
  serializedVersion: 2
  m_Modification:
    m_TransformParent: {fileID: 5243549946792364460}
    m_Modifications:
    - target: {fileID: 1918340364133390533, guid: 38c92214eee2a334ba6e19e12677392f, type: 3}
      propertyPath: m_Name
      value: PickUpCoin (12)
      objectReference: {fileID: 0}
    - target: {fileID: 2407705023285136423, guid: 38c92214eee2a334ba6e19e12677392f, type: 3}
      propertyPath: m_RootOrder
      value: 25
      objectReference: {fileID: 0}
    - target: {fileID: 2407705023285136423, guid: 38c92214eee2a334ba6e19e12677392f, type: 3}
      propertyPath: m_LocalPosition.y
      value: 0.6
      objectReference: {fileID: 0}
    - target: {fileID: 2407705023285136423, guid: 38c92214eee2a334ba6e19e12677392f, type: 3}
      propertyPath: m_LocalPosition.z
      value: 7
      objectReference: {fileID: 0}
    - target: {fileID: 2407705023285136423, guid: 38c92214eee2a334ba6e19e12677392f, type: 3}
      propertyPath: m_LocalRotation.x
      value: -0
      objectReference: {fileID: 0}
    - target: {fileID: 2407705023285136423, guid: 38c92214eee2a334ba6e19e12677392f, type: 3}
      propertyPath: m_LocalRotation.y
      value: -0
      objectReference: {fileID: 0}
    - target: {fileID: 2407705023285136423, guid: 38c92214eee2a334ba6e19e12677392f, type: 3}
      propertyPath: m_LocalRotation.z
      value: -0
      objectReference: {fileID: 0}
    m_RemovedComponents: []
  m_SourcePrefab: {fileID: 100100000, guid: 38c92214eee2a334ba6e19e12677392f, type: 3}
--- !u!1001 &2728355671922094692
PrefabInstance:
  m_ObjectHideFlags: 0
  serializedVersion: 2
  m_Modification:
    m_TransformParent: {fileID: 5243549946792364460}
    m_Modifications:
    - target: {fileID: 1918340364133390533, guid: 38c92214eee2a334ba6e19e12677392f, type: 3}
      propertyPath: m_Name
      value: PickUpCoin (4)
      objectReference: {fileID: 0}
    - target: {fileID: 2407705023285136423, guid: 38c92214eee2a334ba6e19e12677392f, type: 3}
      propertyPath: m_RootOrder
      value: 17
      objectReference: {fileID: 0}
    - target: {fileID: 2407705023285136423, guid: 38c92214eee2a334ba6e19e12677392f, type: 3}
      propertyPath: m_LocalPosition.x
      value: -1
      objectReference: {fileID: 0}
    - target: {fileID: 2407705023285136423, guid: 38c92214eee2a334ba6e19e12677392f, type: 3}
      propertyPath: m_LocalPosition.y
      value: 0.6
      objectReference: {fileID: 0}
    - target: {fileID: 2407705023285136423, guid: 38c92214eee2a334ba6e19e12677392f, type: 3}
      propertyPath: m_LocalPosition.z
      value: 4
      objectReference: {fileID: 0}
    - target: {fileID: 2407705023285136423, guid: 38c92214eee2a334ba6e19e12677392f, type: 3}
      propertyPath: m_LocalRotation.x
      value: -0
      objectReference: {fileID: 0}
    - target: {fileID: 2407705023285136423, guid: 38c92214eee2a334ba6e19e12677392f, type: 3}
      propertyPath: m_LocalRotation.y
      value: -0
      objectReference: {fileID: 0}
    - target: {fileID: 2407705023285136423, guid: 38c92214eee2a334ba6e19e12677392f, type: 3}
      propertyPath: m_LocalRotation.z
      value: -0
      objectReference: {fileID: 0}
    m_RemovedComponents: []
  m_SourcePrefab: {fileID: 100100000, guid: 38c92214eee2a334ba6e19e12677392f, type: 3}
--- !u!1001 &3688182854413163797
PrefabInstance:
  m_ObjectHideFlags: 0
  serializedVersion: 2
  m_Modification:
    m_TransformParent: {fileID: 5243549946792364460}
    m_Modifications:
    - target: {fileID: 2407705023285136423, guid: 38c92214eee2a334ba6e19e12677392f, type: 3}
      propertyPath: m_RootOrder
      value: 12
      objectReference: {fileID: 0}
    - target: {fileID: 2407705023285136423, guid: 38c92214eee2a334ba6e19e12677392f, type: 3}
      propertyPath: m_LocalPosition.y
      value: 0.6
      objectReference: {fileID: 0}
    - target: {fileID: 2407705023285136423, guid: 38c92214eee2a334ba6e19e12677392f, type: 3}
      propertyPath: m_LocalPosition.z
      value: 3
      objectReference: {fileID: 0}
    - target: {fileID: 2407705023285136423, guid: 38c92214eee2a334ba6e19e12677392f, type: 3}
      propertyPath: m_LocalRotation.x
      value: -0
      objectReference: {fileID: 0}
    - target: {fileID: 2407705023285136423, guid: 38c92214eee2a334ba6e19e12677392f, type: 3}
      propertyPath: m_LocalRotation.y
      value: -0
      objectReference: {fileID: 0}
    - target: {fileID: 2407705023285136423, guid: 38c92214eee2a334ba6e19e12677392f, type: 3}
      propertyPath: m_LocalRotation.z
      value: -0
      objectReference: {fileID: 0}
    m_RemovedComponents: []
  m_SourcePrefab: {fileID: 100100000, guid: 38c92214eee2a334ba6e19e12677392f, type: 3}
--- !u!1001 &4954290971525737117
PrefabInstance:
  m_ObjectHideFlags: 0
  serializedVersion: 2
  m_Modification:
    m_TransformParent: {fileID: 5243549946792364460}
    m_Modifications:
    - target: {fileID: 1918340364133390533, guid: 38c92214eee2a334ba6e19e12677392f, type: 3}
      propertyPath: m_Name
      value: PickUpCoin (10)
      objectReference: {fileID: 0}
    - target: {fileID: 2407705023285136423, guid: 38c92214eee2a334ba6e19e12677392f, type: 3}
      propertyPath: m_RootOrder
      value: 23
      objectReference: {fileID: 0}
    - target: {fileID: 2407705023285136423, guid: 38c92214eee2a334ba6e19e12677392f, type: 3}
      propertyPath: m_LocalPosition.x
      value: -1
      objectReference: {fileID: 0}
    - target: {fileID: 2407705023285136423, guid: 38c92214eee2a334ba6e19e12677392f, type: 3}
      propertyPath: m_LocalPosition.y
      value: 0.6
      objectReference: {fileID: 0}
    - target: {fileID: 2407705023285136423, guid: 38c92214eee2a334ba6e19e12677392f, type: 3}
      propertyPath: m_LocalPosition.z
      value: 6
      objectReference: {fileID: 0}
    - target: {fileID: 2407705023285136423, guid: 38c92214eee2a334ba6e19e12677392f, type: 3}
      propertyPath: m_LocalRotation.x
      value: -0
      objectReference: {fileID: 0}
    - target: {fileID: 2407705023285136423, guid: 38c92214eee2a334ba6e19e12677392f, type: 3}
      propertyPath: m_LocalRotation.y
      value: -0
      objectReference: {fileID: 0}
    - target: {fileID: 2407705023285136423, guid: 38c92214eee2a334ba6e19e12677392f, type: 3}
      propertyPath: m_LocalRotation.z
      value: -0
      objectReference: {fileID: 0}
    m_RemovedComponents: []
  m_SourcePrefab: {fileID: 100100000, guid: 38c92214eee2a334ba6e19e12677392f, type: 3}
--- !u!1001 &5165665759348544574
PrefabInstance:
  m_ObjectHideFlags: 0
  serializedVersion: 2
  m_Modification:
    m_TransformParent: {fileID: 5243549946792364460}
    m_Modifications:
    - target: {fileID: 1918340364133390533, guid: 38c92214eee2a334ba6e19e12677392f, type: 3}
      propertyPath: m_Name
      value: PickUpCoin (6)
      objectReference: {fileID: 0}
    - target: {fileID: 2407705023285136423, guid: 38c92214eee2a334ba6e19e12677392f, type: 3}
      propertyPath: m_RootOrder
      value: 19
      objectReference: {fileID: 0}
    - target: {fileID: 2407705023285136423, guid: 38c92214eee2a334ba6e19e12677392f, type: 3}
      propertyPath: m_LocalPosition.y
      value: 0.6
      objectReference: {fileID: 0}
    - target: {fileID: 2407705023285136423, guid: 38c92214eee2a334ba6e19e12677392f, type: 3}
      propertyPath: m_LocalPosition.z
      value: 6
      objectReference: {fileID: 0}
    - target: {fileID: 2407705023285136423, guid: 38c92214eee2a334ba6e19e12677392f, type: 3}
      propertyPath: m_LocalRotation.x
      value: -0
      objectReference: {fileID: 0}
    - target: {fileID: 2407705023285136423, guid: 38c92214eee2a334ba6e19e12677392f, type: 3}
      propertyPath: m_LocalRotation.y
      value: -0
      objectReference: {fileID: 0}
    - target: {fileID: 2407705023285136423, guid: 38c92214eee2a334ba6e19e12677392f, type: 3}
      propertyPath: m_LocalRotation.z
      value: -0
      objectReference: {fileID: 0}
    m_RemovedComponents: []
  m_SourcePrefab: {fileID: 100100000, guid: 38c92214eee2a334ba6e19e12677392f, type: 3}
--- !u!1001 &5203822132678423092
PrefabInstance:
  m_ObjectHideFlags: 0
  serializedVersion: 2
  m_Modification:
    m_TransformParent: {fileID: 5243549946792364460}
    m_Modifications:
    - target: {fileID: 1918340364133390533, guid: 38c92214eee2a334ba6e19e12677392f, type: 3}
      propertyPath: m_Name
      value: PickUpCoin (8)
      objectReference: {fileID: 0}
    - target: {fileID: 2407705023285136423, guid: 38c92214eee2a334ba6e19e12677392f, type: 3}
      propertyPath: m_RootOrder
      value: 21
      objectReference: {fileID: 0}
    - target: {fileID: 2407705023285136423, guid: 38c92214eee2a334ba6e19e12677392f, type: 3}
      propertyPath: m_LocalPosition.x
      value: 1
      objectReference: {fileID: 0}
    - target: {fileID: 2407705023285136423, guid: 38c92214eee2a334ba6e19e12677392f, type: 3}
      propertyPath: m_LocalPosition.y
      value: 0.6
      objectReference: {fileID: 0}
    - target: {fileID: 2407705023285136423, guid: 38c92214eee2a334ba6e19e12677392f, type: 3}
      propertyPath: m_LocalPosition.z
      value: 5
      objectReference: {fileID: 0}
    - target: {fileID: 2407705023285136423, guid: 38c92214eee2a334ba6e19e12677392f, type: 3}
      propertyPath: m_LocalRotation.x
      value: -0
      objectReference: {fileID: 0}
    - target: {fileID: 2407705023285136423, guid: 38c92214eee2a334ba6e19e12677392f, type: 3}
      propertyPath: m_LocalRotation.y
      value: -0
      objectReference: {fileID: 0}
    - target: {fileID: 2407705023285136423, guid: 38c92214eee2a334ba6e19e12677392f, type: 3}
      propertyPath: m_LocalRotation.z
      value: -0
      objectReference: {fileID: 0}
    m_RemovedComponents: []
  m_SourcePrefab: {fileID: 100100000, guid: 38c92214eee2a334ba6e19e12677392f, type: 3}
--- !u!1001 &5263718557065460320
PrefabInstance:
  m_ObjectHideFlags: 0
  serializedVersion: 2
  m_Modification:
    m_TransformParent: {fileID: 5243549946792364460}
    m_Modifications:
    - target: {fileID: 1918340364133390533, guid: 38c92214eee2a334ba6e19e12677392f, type: 3}
      propertyPath: m_Name
      value: PickUpCoin (5)
      objectReference: {fileID: 0}
    - target: {fileID: 2407705023285136423, guid: 38c92214eee2a334ba6e19e12677392f, type: 3}
      propertyPath: m_RootOrder
      value: 18
      objectReference: {fileID: 0}
    - target: {fileID: 2407705023285136423, guid: 38c92214eee2a334ba6e19e12677392f, type: 3}
      propertyPath: m_LocalPosition.y
      value: 0.6
      objectReference: {fileID: 0}
    - target: {fileID: 2407705023285136423, guid: 38c92214eee2a334ba6e19e12677392f, type: 3}
      propertyPath: m_LocalPosition.z
      value: 5
      objectReference: {fileID: 0}
    - target: {fileID: 2407705023285136423, guid: 38c92214eee2a334ba6e19e12677392f, type: 3}
      propertyPath: m_LocalRotation.x
      value: -0
      objectReference: {fileID: 0}
    - target: {fileID: 2407705023285136423, guid: 38c92214eee2a334ba6e19e12677392f, type: 3}
      propertyPath: m_LocalRotation.y
      value: -0
      objectReference: {fileID: 0}
    - target: {fileID: 2407705023285136423, guid: 38c92214eee2a334ba6e19e12677392f, type: 3}
      propertyPath: m_LocalRotation.z
      value: -0
      objectReference: {fileID: 0}
    m_RemovedComponents: []
  m_SourcePrefab: {fileID: 100100000, guid: 38c92214eee2a334ba6e19e12677392f, type: 3}
--- !u!1001 &5920785006006716767
PrefabInstance:
  m_ObjectHideFlags: 0
  serializedVersion: 2
  m_Modification:
    m_TransformParent: {fileID: 5243549946792364460}
    m_Modifications:
    - target: {fileID: 1918340364133390533, guid: 38c92214eee2a334ba6e19e12677392f, type: 3}
      propertyPath: m_Name
      value: PickUpCoin (13)
      objectReference: {fileID: 0}
    - target: {fileID: 2407705023285136423, guid: 38c92214eee2a334ba6e19e12677392f, type: 3}
      propertyPath: m_RootOrder
      value: 26
      objectReference: {fileID: 0}
    - target: {fileID: 2407705023285136423, guid: 38c92214eee2a334ba6e19e12677392f, type: 3}
      propertyPath: m_LocalPosition.x
      value: -1
      objectReference: {fileID: 0}
    - target: {fileID: 2407705023285136423, guid: 38c92214eee2a334ba6e19e12677392f, type: 3}
      propertyPath: m_LocalPosition.y
      value: 0.6
      objectReference: {fileID: 0}
    - target: {fileID: 2407705023285136423, guid: 38c92214eee2a334ba6e19e12677392f, type: 3}
      propertyPath: m_LocalPosition.z
      value: 7
      objectReference: {fileID: 0}
    - target: {fileID: 2407705023285136423, guid: 38c92214eee2a334ba6e19e12677392f, type: 3}
      propertyPath: m_LocalRotation.x
      value: -0
      objectReference: {fileID: 0}
    - target: {fileID: 2407705023285136423, guid: 38c92214eee2a334ba6e19e12677392f, type: 3}
      propertyPath: m_LocalRotation.y
      value: -0
      objectReference: {fileID: 0}
    - target: {fileID: 2407705023285136423, guid: 38c92214eee2a334ba6e19e12677392f, type: 3}
      propertyPath: m_LocalRotation.z
      value: -0
      objectReference: {fileID: 0}
    m_RemovedComponents: []
  m_SourcePrefab: {fileID: 100100000, guid: 38c92214eee2a334ba6e19e12677392f, type: 3}
--- !u!1001 &6122239689130599807
PrefabInstance:
  m_ObjectHideFlags: 0
  serializedVersion: 2
  m_Modification:
    m_TransformParent: {fileID: 0}
    m_Modifications:
    - target: {fileID: 1455316704226558570, guid: 405dc2f148ce9484389af425089d02fb, type: 3}
      propertyPath: m_Name
      value: LevelPart11_4
      objectReference: {fileID: 0}
    - target: {fileID: 2031761605179387091, guid: 405dc2f148ce9484389af425089d02fb, type: 3}
      propertyPath: m_RootOrder
      value: 0
      objectReference: {fileID: 0}
    - target: {fileID: 2031761605179387091, guid: 405dc2f148ce9484389af425089d02fb, type: 3}
      propertyPath: m_LocalPosition.x
      value: 0
      objectReference: {fileID: 0}
    - target: {fileID: 2031761605179387091, guid: 405dc2f148ce9484389af425089d02fb, type: 3}
      propertyPath: m_LocalPosition.y
      value: 0
      objectReference: {fileID: 0}
    - target: {fileID: 2031761605179387091, guid: 405dc2f148ce9484389af425089d02fb, type: 3}
      propertyPath: m_LocalPosition.z
      value: 0
      objectReference: {fileID: 0}
    - target: {fileID: 2031761605179387091, guid: 405dc2f148ce9484389af425089d02fb, type: 3}
      propertyPath: m_LocalRotation.w
      value: 1
      objectReference: {fileID: 0}
    - target: {fileID: 2031761605179387091, guid: 405dc2f148ce9484389af425089d02fb, type: 3}
      propertyPath: m_LocalRotation.x
      value: 0
      objectReference: {fileID: 0}
    - target: {fileID: 2031761605179387091, guid: 405dc2f148ce9484389af425089d02fb, type: 3}
      propertyPath: m_LocalRotation.y
      value: 0
      objectReference: {fileID: 0}
    - target: {fileID: 2031761605179387091, guid: 405dc2f148ce9484389af425089d02fb, type: 3}
      propertyPath: m_LocalRotation.z
      value: 0
      objectReference: {fileID: 0}
    - target: {fileID: 2031761605179387091, guid: 405dc2f148ce9484389af425089d02fb, type: 3}
      propertyPath: m_LocalEulerAnglesHint.x
      value: 0
      objectReference: {fileID: 0}
    - target: {fileID: 2031761605179387091, guid: 405dc2f148ce9484389af425089d02fb, type: 3}
      propertyPath: m_LocalEulerAnglesHint.y
      value: 0
      objectReference: {fileID: 0}
    - target: {fileID: 2031761605179387091, guid: 405dc2f148ce9484389af425089d02fb, type: 3}
      propertyPath: m_LocalEulerAnglesHint.z
      value: 0
      objectReference: {fileID: 0}
    m_RemovedComponents: []
  m_SourcePrefab: {fileID: 100100000, guid: 405dc2f148ce9484389af425089d02fb, type: 3}
--- !u!4 &5243549946792364460 stripped
Transform:
  m_CorrespondingSourceObject: {fileID: 2031761605179387091, guid: 405dc2f148ce9484389af425089d02fb, type: 3}
  m_PrefabInstance: {fileID: 6122239689130599807}
  m_PrefabAsset: {fileID: 0}
--- !u!1001 &6397582284129247181
PrefabInstance:
  m_ObjectHideFlags: 0
  serializedVersion: 2
  m_Modification:
    m_TransformParent: {fileID: 5243549946792364460}
    m_Modifications:
    - target: {fileID: 1918340364133390533, guid: 38c92214eee2a334ba6e19e12677392f, type: 3}
      propertyPath: m_Name
      value: PickUpCoin (14)
      objectReference: {fileID: 0}
    - target: {fileID: 2407705023285136423, guid: 38c92214eee2a334ba6e19e12677392f, type: 3}
      propertyPath: m_RootOrder
      value: 27
      objectReference: {fileID: 0}
    - target: {fileID: 2407705023285136423, guid: 38c92214eee2a334ba6e19e12677392f, type: 3}
      propertyPath: m_LocalPosition.x
      value: 1
      objectReference: {fileID: 0}
    - target: {fileID: 2407705023285136423, guid: 38c92214eee2a334ba6e19e12677392f, type: 3}
      propertyPath: m_LocalPosition.y
      value: 0.6
      objectReference: {fileID: 0}
    - target: {fileID: 2407705023285136423, guid: 38c92214eee2a334ba6e19e12677392f, type: 3}
      propertyPath: m_LocalPosition.z
      value: 8
      objectReference: {fileID: 0}
    - target: {fileID: 2407705023285136423, guid: 38c92214eee2a334ba6e19e12677392f, type: 3}
      propertyPath: m_LocalRotation.x
      value: -0
      objectReference: {fileID: 0}
    - target: {fileID: 2407705023285136423, guid: 38c92214eee2a334ba6e19e12677392f, type: 3}
      propertyPath: m_LocalRotation.y
      value: -0
      objectReference: {fileID: 0}
    - target: {fileID: 2407705023285136423, guid: 38c92214eee2a334ba6e19e12677392f, type: 3}
      propertyPath: m_LocalRotation.z
      value: -0
      objectReference: {fileID: 0}
    m_RemovedComponents: []
  m_SourcePrefab: {fileID: 100100000, guid: 38c92214eee2a334ba6e19e12677392f, type: 3}
--- !u!1001 &6445381479332482531
PrefabInstance:
  m_ObjectHideFlags: 0
  serializedVersion: 2
  m_Modification:
    m_TransformParent: {fileID: 5243549946792364460}
    m_Modifications:
    - target: {fileID: 1918340364133390533, guid: 38c92214eee2a334ba6e19e12677392f, type: 3}
      propertyPath: m_Name
      value: PickUpCoin (15)
      objectReference: {fileID: 0}
    - target: {fileID: 2407705023285136423, guid: 38c92214eee2a334ba6e19e12677392f, type: 3}
      propertyPath: m_RootOrder
      value: 28
      objectReference: {fileID: 0}
    - target: {fileID: 2407705023285136423, guid: 38c92214eee2a334ba6e19e12677392f, type: 3}
      propertyPath: m_LocalPosition.y
      value: 0.6
      objectReference: {fileID: 0}
    - target: {fileID: 2407705023285136423, guid: 38c92214eee2a334ba6e19e12677392f, type: 3}
      propertyPath: m_LocalPosition.z
      value: 8
      objectReference: {fileID: 0}
    - target: {fileID: 2407705023285136423, guid: 38c92214eee2a334ba6e19e12677392f, type: 3}
      propertyPath: m_LocalRotation.x
      value: -0
      objectReference: {fileID: 0}
    - target: {fileID: 2407705023285136423, guid: 38c92214eee2a334ba6e19e12677392f, type: 3}
      propertyPath: m_LocalRotation.y
      value: -0
      objectReference: {fileID: 0}
    - target: {fileID: 2407705023285136423, guid: 38c92214eee2a334ba6e19e12677392f, type: 3}
      propertyPath: m_LocalRotation.z
      value: -0
      objectReference: {fileID: 0}
    m_RemovedComponents: []
  m_SourcePrefab: {fileID: 100100000, guid: 38c92214eee2a334ba6e19e12677392f, type: 3}
--- !u!1001 &6776488403463993627
PrefabInstance:
  m_ObjectHideFlags: 0
  serializedVersion: 2
  m_Modification:
    m_TransformParent: {fileID: 5243549946792364460}
    m_Modifications:
    - target: {fileID: 1918340364133390533, guid: 38c92214eee2a334ba6e19e12677392f, type: 3}
      propertyPath: m_Name
      value: PickUpCoin (9)
      objectReference: {fileID: 0}
    - target: {fileID: 2407705023285136423, guid: 38c92214eee2a334ba6e19e12677392f, type: 3}
      propertyPath: m_RootOrder
      value: 22
      objectReference: {fileID: 0}
    - target: {fileID: 2407705023285136423, guid: 38c92214eee2a334ba6e19e12677392f, type: 3}
      propertyPath: m_LocalPosition.x
      value: 1
      objectReference: {fileID: 0}
    - target: {fileID: 2407705023285136423, guid: 38c92214eee2a334ba6e19e12677392f, type: 3}
      propertyPath: m_LocalPosition.y
      value: 0.6
      objectReference: {fileID: 0}
    - target: {fileID: 2407705023285136423, guid: 38c92214eee2a334ba6e19e12677392f, type: 3}
      propertyPath: m_LocalPosition.z
      value: 6
      objectReference: {fileID: 0}
    - target: {fileID: 2407705023285136423, guid: 38c92214eee2a334ba6e19e12677392f, type: 3}
      propertyPath: m_LocalRotation.x
      value: -0
      objectReference: {fileID: 0}
    - target: {fileID: 2407705023285136423, guid: 38c92214eee2a334ba6e19e12677392f, type: 3}
      propertyPath: m_LocalRotation.y
      value: -0
      objectReference: {fileID: 0}
    - target: {fileID: 2407705023285136423, guid: 38c92214eee2a334ba6e19e12677392f, type: 3}
      propertyPath: m_LocalRotation.z
      value: -0
      objectReference: {fileID: 0}
    m_RemovedComponents: []
  m_SourcePrefab: {fileID: 100100000, guid: 38c92214eee2a334ba6e19e12677392f, type: 3}
--- !u!1001 &7176756639942004085
PrefabInstance:
  m_ObjectHideFlags: 0
  serializedVersion: 2
  m_Modification:
    m_TransformParent: {fileID: 5243549946792364460}
    m_Modifications:
    - target: {fileID: 1918340364133390533, guid: 38c92214eee2a334ba6e19e12677392f, type: 3}
      propertyPath: m_Name
      value: PickUpCoin (1)
      objectReference: {fileID: 0}
    - target: {fileID: 2407705023285136423, guid: 38c92214eee2a334ba6e19e12677392f, type: 3}
      propertyPath: m_RootOrder
      value: 14
      objectReference: {fileID: 0}
    - target: {fileID: 2407705023285136423, guid: 38c92214eee2a334ba6e19e12677392f, type: 3}
      propertyPath: m_LocalPosition.x
      value: 1
      objectReference: {fileID: 0}
    - target: {fileID: 2407705023285136423, guid: 38c92214eee2a334ba6e19e12677392f, type: 3}
      propertyPath: m_LocalPosition.y
      value: 0.6
      objectReference: {fileID: 0}
    - target: {fileID: 2407705023285136423, guid: 38c92214eee2a334ba6e19e12677392f, type: 3}
      propertyPath: m_LocalPosition.z
      value: 3
      objectReference: {fileID: 0}
    - target: {fileID: 2407705023285136423, guid: 38c92214eee2a334ba6e19e12677392f, type: 3}
      propertyPath: m_LocalRotation.x
      value: -0
      objectReference: {fileID: 0}
    - target: {fileID: 2407705023285136423, guid: 38c92214eee2a334ba6e19e12677392f, type: 3}
      propertyPath: m_LocalRotation.y
      value: -0
      objectReference: {fileID: 0}
    - target: {fileID: 2407705023285136423, guid: 38c92214eee2a334ba6e19e12677392f, type: 3}
      propertyPath: m_LocalRotation.z
      value: -0
      objectReference: {fileID: 0}
    m_RemovedComponents: []
  m_SourcePrefab: {fileID: 100100000, guid: 38c92214eee2a334ba6e19e12677392f, type: 3}
--- !u!1001 &7945531236870955528
PrefabInstance:
  m_ObjectHideFlags: 0
  serializedVersion: 2
  m_Modification:
    m_TransformParent: {fileID: 5243549946792364460}
    m_Modifications:
    - target: {fileID: 2407705023285136423, guid: 38c92214eee2a334ba6e19e12677392f, type: 3}
      propertyPath: m_RootOrder
      value: 13
      objectReference: {fileID: 0}
    - target: {fileID: 2407705023285136423, guid: 38c92214eee2a334ba6e19e12677392f, type: 3}
      propertyPath: m_LocalPosition.y
      value: 0.6
      objectReference: {fileID: 0}
    - target: {fileID: 2407705023285136423, guid: 38c92214eee2a334ba6e19e12677392f, type: 3}
      propertyPath: m_LocalPosition.z
      value: 4
      objectReference: {fileID: 0}
    - target: {fileID: 2407705023285136423, guid: 38c92214eee2a334ba6e19e12677392f, type: 3}
      propertyPath: m_LocalRotation.x
      value: -0
      objectReference: {fileID: 0}
    - target: {fileID: 2407705023285136423, guid: 38c92214eee2a334ba6e19e12677392f, type: 3}
      propertyPath: m_LocalRotation.y
      value: -0
      objectReference: {fileID: 0}
    - target: {fileID: 2407705023285136423, guid: 38c92214eee2a334ba6e19e12677392f, type: 3}
      propertyPath: m_LocalRotation.z
      value: -0
      objectReference: {fileID: 0}
    m_RemovedComponents: []
  m_SourcePrefab: {fileID: 100100000, guid: 38c92214eee2a334ba6e19e12677392f, type: 3}
--- !u!1001 &8291476774003831530
PrefabInstance:
  m_ObjectHideFlags: 0
  serializedVersion: 2
  m_Modification:
    m_TransformParent: {fileID: 5243549946792364460}
    m_Modifications:
    - target: {fileID: 1918340364133390533, guid: 38c92214eee2a334ba6e19e12677392f, type: 3}
      propertyPath: m_Name
      value: PickUpCoin (16)
      objectReference: {fileID: 0}
    - target: {fileID: 2407705023285136423, guid: 38c92214eee2a334ba6e19e12677392f, type: 3}
      propertyPath: m_RootOrder
      value: 29
      objectReference: {fileID: 0}
    - target: {fileID: 2407705023285136423, guid: 38c92214eee2a334ba6e19e12677392f, type: 3}
      propertyPath: m_LocalPosition.x
      value: -1
      objectReference: {fileID: 0}
    - target: {fileID: 2407705023285136423, guid: 38c92214eee2a334ba6e19e12677392f, type: 3}
      propertyPath: m_LocalPosition.y
      value: 0.6
      objectReference: {fileID: 0}
    - target: {fileID: 2407705023285136423, guid: 38c92214eee2a334ba6e19e12677392f, type: 3}
      propertyPath: m_LocalPosition.z
      value: 8
      objectReference: {fileID: 0}
    - target: {fileID: 2407705023285136423, guid: 38c92214eee2a334ba6e19e12677392f, type: 3}
      propertyPath: m_LocalRotation.x
      value: -0
      objectReference: {fileID: 0}
    - target: {fileID: 2407705023285136423, guid: 38c92214eee2a334ba6e19e12677392f, type: 3}
      propertyPath: m_LocalRotation.y
      value: -0
      objectReference: {fileID: 0}
    - target: {fileID: 2407705023285136423, guid: 38c92214eee2a334ba6e19e12677392f, type: 3}
      propertyPath: m_LocalRotation.z
      value: -0
      objectReference: {fileID: 0}
    m_RemovedComponents: []
  m_SourcePrefab: {fileID: 100100000, guid: 38c92214eee2a334ba6e19e12677392f, type: 3}
--- !u!1001 &8436819505723135441
PrefabInstance:
  m_ObjectHideFlags: 0
  serializedVersion: 2
  m_Modification:
    m_TransformParent: {fileID: 5243549946792364460}
    m_Modifications:
    - target: {fileID: 1918340364133390533, guid: 38c92214eee2a334ba6e19e12677392f, type: 3}
      propertyPath: m_Name
      value: PickUpCoin (2)
      objectReference: {fileID: 0}
    - target: {fileID: 2407705023285136423, guid: 38c92214eee2a334ba6e19e12677392f, type: 3}
      propertyPath: m_RootOrder
      value: 15
      objectReference: {fileID: 0}
    - target: {fileID: 2407705023285136423, guid: 38c92214eee2a334ba6e19e12677392f, type: 3}
      propertyPath: m_LocalPosition.x
      value: 1
      objectReference: {fileID: 0}
    - target: {fileID: 2407705023285136423, guid: 38c92214eee2a334ba6e19e12677392f, type: 3}
      propertyPath: m_LocalPosition.y
      value: 0.6
      objectReference: {fileID: 0}
    - target: {fileID: 2407705023285136423, guid: 38c92214eee2a334ba6e19e12677392f, type: 3}
      propertyPath: m_LocalPosition.z
      value: 4
      objectReference: {fileID: 0}
    - target: {fileID: 2407705023285136423, guid: 38c92214eee2a334ba6e19e12677392f, type: 3}
      propertyPath: m_LocalRotation.x
      value: -0
      objectReference: {fileID: 0}
    - target: {fileID: 2407705023285136423, guid: 38c92214eee2a334ba6e19e12677392f, type: 3}
      propertyPath: m_LocalRotation.y
      value: -0
      objectReference: {fileID: 0}
    - target: {fileID: 2407705023285136423, guid: 38c92214eee2a334ba6e19e12677392f, type: 3}
      propertyPath: m_LocalRotation.z
      value: -0
      objectReference: {fileID: 0}
    m_RemovedComponents: []
  m_SourcePrefab: {fileID: 100100000, guid: 38c92214eee2a334ba6e19e12677392f, type: 3}
--- !u!1001 &9030298010702112499
PrefabInstance:
  m_ObjectHideFlags: 0
  serializedVersion: 2
  m_Modification:
    m_TransformParent: {fileID: 5243549946792364460}
    m_Modifications:
    - target: {fileID: 1918340364133390533, guid: 38c92214eee2a334ba6e19e12677392f, type: 3}
      propertyPath: m_Name
      value: PickUpCoin (11)
      objectReference: {fileID: 0}
    - target: {fileID: 2407705023285136423, guid: 38c92214eee2a334ba6e19e12677392f, type: 3}
      propertyPath: m_RootOrder
      value: 24
      objectReference: {fileID: 0}
    - target: {fileID: 2407705023285136423, guid: 38c92214eee2a334ba6e19e12677392f, type: 3}
      propertyPath: m_LocalPosition.x
      value: 1
      objectReference: {fileID: 0}
    - target: {fileID: 2407705023285136423, guid: 38c92214eee2a334ba6e19e12677392f, type: 3}
      propertyPath: m_LocalPosition.y
      value: 0.6
      objectReference: {fileID: 0}
    - target: {fileID: 2407705023285136423, guid: 38c92214eee2a334ba6e19e12677392f, type: 3}
      propertyPath: m_LocalPosition.z
      value: 7
      objectReference: {fileID: 0}
    - target: {fileID: 2407705023285136423, guid: 38c92214eee2a334ba6e19e12677392f, type: 3}
      propertyPath: m_LocalRotation.x
      value: -0
      objectReference: {fileID: 0}
    - target: {fileID: 2407705023285136423, guid: 38c92214eee2a334ba6e19e12677392f, type: 3}
      propertyPath: m_LocalRotation.y
      value: -0
      objectReference: {fileID: 0}
    - target: {fileID: 2407705023285136423, guid: 38c92214eee2a334ba6e19e12677392f, type: 3}
      propertyPath: m_LocalRotation.z
      value: -0
      objectReference: {fileID: 0}
    m_RemovedComponents: []
  m_SourcePrefab: {fileID: 100100000, guid: 38c92214eee2a334ba6e19e12677392f, type: 3}
