%YAML 1.1
%TAG !u! tag:unity3d.com,2011:
--- !u!1 &926864833142438145
GameObject:
  m_ObjectHideFlags: 0
  m_CorrespondingSourceObject: {fileID: 0}
  m_PrefabInstance: {fileID: 0}
  m_PrefabAsset: {fileID: 0}
  serializedVersion: 6
  m_Component:
  - component: {fileID: 7197106317334889817}
  m_Layer: 0
  m_Name: EndPoint
  m_TagString: Untagged
  m_Icon: {fileID: 5132851093641282708, guid: 0000000000000000d000000000000000, type: 0}
  m_NavMeshLayer: 0
  m_StaticEditorFlags: 0
  m_IsActive: 1
--- !u!4 &7197106317334889817
Transform:
  m_ObjectHideFlags: 0
  m_CorrespondingSourceObject: {fileID: 0}
  m_PrefabInstance: {fileID: 0}
  m_PrefabAsset: {fileID: 0}
  m_GameObject: {fileID: 926864833142438145}
  m_LocalRotation: {x: -0, y: -0, z: -0, w: 1}
  m_LocalPosition: {x: -3, y: 0, z: 10}
  m_LocalScale: {x: 1, y: 1, z: 1}
  m_Children: []
  m_Father: {fileID: 2031761605179387091}
  m_RootOrder: 0
  m_LocalEulerAnglesHint: {x: 0, y: 0, z: 0}
--- !u!1 &1455316704226558570
GameObject:
  m_ObjectHideFlags: 0
  m_CorrespondingSourceObject: {fileID: 0}
  m_PrefabInstance: {fileID: 0}
  m_PrefabAsset: {fileID: 0}
  serializedVersion: 6
  m_Component:
  - component: {fileID: 2031761605179387091}
  m_Layer: 0
  m_Name: LevelPart16_1
  m_TagString: Untagged
  m_Icon: {fileID: 0}
  m_NavMeshLayer: 0
  m_StaticEditorFlags: 0
  m_IsActive: 1
--- !u!4 &2031761605179387091
Transform:
  m_ObjectHideFlags: 0
  m_CorrespondingSourceObject: {fileID: 0}
  m_PrefabInstance: {fileID: 0}
  m_PrefabAsset: {fileID: 0}
  m_GameObject: {fileID: 1455316704226558570}
  m_LocalRotation: {x: 0, y: 0, z: 0, w: 1}
  m_LocalPosition: {x: 0, y: 0, z: 0}
  m_LocalScale: {x: 1, y: 1, z: 1}
  m_Children:
  - {fileID: 7197106317334889817}
  - {fileID: 4128603346420869218}
  - {fileID: 8969274980252624213}
  - {fileID: 8745148493459440808}
  - {fileID: 1019561220888209458}
  - {fileID: 7731075131175172536}
  - {fileID: 5555895371631599615}
  - {fileID: 731340752378160246}
  - {fileID: 8095361898567765640}
  - {fileID: 5383293360994537563}
  - {fileID: 5554404031730959108}
  - {fileID: 3427355776451312928}
  - {fileID: 7791965542673366532}
  - {fileID: 2494339314507243216}
  - {fileID: 7046163682697083130}
  m_Father: {fileID: 0}
  m_RootOrder: 0
  m_LocalEulerAnglesHint: {x: 0, y: 0, z: 0}
--- !u!1001 &104188460676960462
PrefabInstance:
  m_ObjectHideFlags: 0
  serializedVersion: 2
  m_Modification:
    m_TransformParent: {fileID: 2031761605179387091}
    m_Modifications:
    - target: {fileID: 7653987433646991730, guid: 7b6190ce10e7b4c45bedefc6b787820f, type: 3}
      propertyPath: m_Name
      value: FloorTile (1)
      objectReference: {fileID: 0}
    - target: {fileID: 7653987433646991734, guid: 7b6190ce10e7b4c45bedefc6b787820f, type: 3}
      propertyPath: m_RootOrder
      value: 5
      objectReference: {fileID: 0}
    - target: {fileID: 7653987433646991734, guid: 7b6190ce10e7b4c45bedefc6b787820f, type: 3}
      propertyPath: m_LocalPosition.x
      value: -1
      objectReference: {fileID: 0}
    - target: {fileID: 7653987433646991734, guid: 7b6190ce10e7b4c45bedefc6b787820f, type: 3}
      propertyPath: m_LocalPosition.z
      value: 2
      objectReference: {fileID: 0}
    - target: {fileID: 7653987433646991734, guid: 7b6190ce10e7b4c45bedefc6b787820f, type: 3}
      propertyPath: m_LocalRotation.x
      value: -0
      objectReference: {fileID: 0}
    - target: {fileID: 7653987433646991734, guid: 7b6190ce10e7b4c45bedefc6b787820f, type: 3}
      propertyPath: m_LocalRotation.y
      value: -0
      objectReference: {fileID: 0}
    - target: {fileID: 7653987433646991734, guid: 7b6190ce10e7b4c45bedefc6b787820f, type: 3}
      propertyPath: m_LocalRotation.z
      value: -0
      objectReference: {fileID: 0}
    m_RemovedComponents: []
  m_SourcePrefab: {fileID: 100100000, guid: 7b6190ce10e7b4c45bedefc6b787820f, type: 3}
--- !u!4 &7731075131175172536 stripped
Transform:
  m_CorrespondingSourceObject: {fileID: 7653987433646991734, guid: 7b6190ce10e7b4c45bedefc6b787820f, type: 3}
  m_PrefabInstance: {fileID: 104188460676960462}
  m_PrefabAsset: {fileID: 0}
--- !u!1001 &439930425217128306
PrefabInstance:
  m_ObjectHideFlags: 0
  serializedVersion: 2
  m_Modification:
    m_TransformParent: {fileID: 2031761605179387091}
    m_Modifications:
    - target: {fileID: 7653987433646991730, guid: 4489c452e824a4846a40cf28987f47f3, type: 3}
      propertyPath: m_Name
      value: SpikesTrap (3)
      objectReference: {fileID: 0}
    - target: {fileID: 7653987433646991734, guid: 4489c452e824a4846a40cf28987f47f3, type: 3}
      propertyPath: m_RootOrder
      value: 12
      objectReference: {fileID: 0}
    - target: {fileID: 7653987433646991734, guid: 4489c452e824a4846a40cf28987f47f3, type: 3}
      propertyPath: m_LocalPosition.x
      value: 3
      objectReference: {fileID: 0}
    - target: {fileID: 7653987433646991734, guid: 4489c452e824a4846a40cf28987f47f3, type: 3}
      propertyPath: m_LocalPosition.y
      value: 0
      objectReference: {fileID: 0}
    - target: {fileID: 7653987433646991734, guid: 4489c452e824a4846a40cf28987f47f3, type: 3}
      propertyPath: m_LocalPosition.z
      value: 9
      objectReference: {fileID: 0}
    - target: {fileID: 7653987433646991734, guid: 4489c452e824a4846a40cf28987f47f3, type: 3}
      propertyPath: m_LocalRotation.w
      value: 1
      objectReference: {fileID: 0}
    - target: {fileID: 7653987433646991734, guid: 4489c452e824a4846a40cf28987f47f3, type: 3}
      propertyPath: m_LocalRotation.x
      value: -0
      objectReference: {fileID: 0}
    - target: {fileID: 7653987433646991734, guid: 4489c452e824a4846a40cf28987f47f3, type: 3}
      propertyPath: m_LocalRotation.y
      value: -0
      objectReference: {fileID: 0}
    - target: {fileID: 7653987433646991734, guid: 4489c452e824a4846a40cf28987f47f3, type: 3}
      propertyPath: m_LocalRotation.z
      value: -0
      objectReference: {fileID: 0}
    - target: {fileID: 7653987433646991734, guid: 4489c452e824a4846a40cf28987f47f3, type: 3}
      propertyPath: m_LocalEulerAnglesHint.x
      value: 0
      objectReference: {fileID: 0}
    - target: {fileID: 7653987433646991734, guid: 4489c452e824a4846a40cf28987f47f3, type: 3}
      propertyPath: m_LocalEulerAnglesHint.y
      value: 0
      objectReference: {fileID: 0}
    - target: {fileID: 7653987433646991734, guid: 4489c452e824a4846a40cf28987f47f3, type: 3}
      propertyPath: m_LocalEulerAnglesHint.z
      value: 0
      objectReference: {fileID: 0}
    m_RemovedComponents: []
  m_SourcePrefab: {fileID: 100100000, guid: 4489c452e824a4846a40cf28987f47f3, type: 3}
--- !u!4 &7791965542673366532 stripped
Transform:
  m_CorrespondingSourceObject: {fileID: 7653987433646991734, guid: 4489c452e824a4846a40cf28987f47f3, type: 3}
  m_PrefabInstance: {fileID: 439930425217128306}
  m_PrefabAsset: {fileID: 0}
--- !u!1001 &860589457131164044
PrefabInstance:
  m_ObjectHideFlags: 0
  serializedVersion: 2
  m_Modification:
    m_TransformParent: {fileID: 2031761605179387091}
    m_Modifications:
    - target: {fileID: 7653987433646991730, guid: 7b6190ce10e7b4c45bedefc6b787820f, type: 3}
      propertyPath: m_Name
      value: FloorTile (6)
      objectReference: {fileID: 0}
    - target: {fileID: 7653987433646991734, guid: 7b6190ce10e7b4c45bedefc6b787820f, type: 3}
      propertyPath: m_RootOrder
      value: 14
      objectReference: {fileID: 0}
    - target: {fileID: 7653987433646991734, guid: 7b6190ce10e7b4c45bedefc6b787820f, type: 3}
      propertyPath: m_LocalPosition.x
      value: -1
      objectReference: {fileID: 0}
    - target: {fileID: 7653987433646991734, guid: 7b6190ce10e7b4c45bedefc6b787820f, type: 3}
      propertyPath: m_LocalPosition.z
      value: 1
      objectReference: {fileID: 0}
    - target: {fileID: 7653987433646991734, guid: 7b6190ce10e7b4c45bedefc6b787820f, type: 3}
      propertyPath: m_LocalRotation.x
      value: -0
      objectReference: {fileID: 0}
    - target: {fileID: 7653987433646991734, guid: 7b6190ce10e7b4c45bedefc6b787820f, type: 3}
      propertyPath: m_LocalRotation.y
      value: -0
      objectReference: {fileID: 0}
    - target: {fileID: 7653987433646991734, guid: 7b6190ce10e7b4c45bedefc6b787820f, type: 3}
      propertyPath: m_LocalRotation.z
      value: -0
      objectReference: {fileID: 0}
    m_RemovedComponents: []
  m_SourcePrefab: {fileID: 100100000, guid: 7b6190ce10e7b4c45bedefc6b787820f, type: 3}
--- !u!4 &7046163682697083130 stripped
Transform:
  m_CorrespondingSourceObject: {fileID: 7653987433646991734, guid: 7b6190ce10e7b4c45bedefc6b787820f, type: 3}
  m_PrefabInstance: {fileID: 860589457131164044}
  m_PrefabAsset: {fileID: 0}
--- !u!1001 &1603608118717352995
PrefabInstance:
  m_ObjectHideFlags: 0
  serializedVersion: 2
  m_Modification:
    m_TransformParent: {fileID: 2031761605179387091}
    m_Modifications:
    - target: {fileID: 7653987433646991730, guid: 7b6190ce10e7b4c45bedefc6b787820f, type: 3}
      propertyPath: m_Name
      value: FloorTile (15)
      objectReference: {fileID: 0}
    - target: {fileID: 7653987433646991734, guid: 7b6190ce10e7b4c45bedefc6b787820f, type: 3}
      propertyPath: m_RootOrder
      value: 2
      objectReference: {fileID: 0}
    - target: {fileID: 7653987433646991734, guid: 7b6190ce10e7b4c45bedefc6b787820f, type: 3}
      propertyPath: m_LocalPosition.x
      value: -3
      objectReference: {fileID: 0}
    - target: {fileID: 7653987433646991734, guid: 7b6190ce10e7b4c45bedefc6b787820f, type: 3}
      propertyPath: m_LocalPosition.z
      value: 9
      objectReference: {fileID: 0}
    - target: {fileID: 7653987433646991734, guid: 7b6190ce10e7b4c45bedefc6b787820f, type: 3}
      propertyPath: m_LocalRotation.x
      value: -0
      objectReference: {fileID: 0}
    - target: {fileID: 7653987433646991734, guid: 7b6190ce10e7b4c45bedefc6b787820f, type: 3}
      propertyPath: m_LocalRotation.y
      value: -0
      objectReference: {fileID: 0}
    - target: {fileID: 7653987433646991734, guid: 7b6190ce10e7b4c45bedefc6b787820f, type: 3}
      propertyPath: m_LocalRotation.z
      value: -0
      objectReference: {fileID: 0}
    m_RemovedComponents: []
  m_SourcePrefab: {fileID: 100100000, guid: 7b6190ce10e7b4c45bedefc6b787820f, type: 3}
--- !u!4 &8969274980252624213 stripped
Transform:
  m_CorrespondingSourceObject: {fileID: 7653987433646991734, guid: 7b6190ce10e7b4c45bedefc6b787820f, type: 3}
  m_PrefabInstance: {fileID: 1603608118717352995}
  m_PrefabAsset: {fileID: 0}
--- !u!1001 &1900780476428724222
PrefabInstance:
  m_ObjectHideFlags: 0
  serializedVersion: 2
  m_Modification:
    m_TransformParent: {fileID: 2031761605179387091}
    m_Modifications:
    - target: {fileID: 7653987433646991730, guid: 7b6190ce10e7b4c45bedefc6b787820f, type: 3}
      propertyPath: m_Name
      value: FloorTile (4)
      objectReference: {fileID: 0}
    - target: {fileID: 7653987433646991734, guid: 7b6190ce10e7b4c45bedefc6b787820f, type: 3}
      propertyPath: m_RootOrder
      value: 8
      objectReference: {fileID: 0}
    - target: {fileID: 7653987433646991734, guid: 7b6190ce10e7b4c45bedefc6b787820f, type: 3}
      propertyPath: m_LocalPosition.x
      value: 1
      objectReference: {fileID: 0}
    - target: {fileID: 7653987433646991734, guid: 7b6190ce10e7b4c45bedefc6b787820f, type: 3}
      propertyPath: m_LocalPosition.z
      value: 2
      objectReference: {fileID: 0}
    - target: {fileID: 7653987433646991734, guid: 7b6190ce10e7b4c45bedefc6b787820f, type: 3}
      propertyPath: m_LocalRotation.x
      value: -0
      objectReference: {fileID: 0}
    - target: {fileID: 7653987433646991734, guid: 7b6190ce10e7b4c45bedefc6b787820f, type: 3}
      propertyPath: m_LocalRotation.y
      value: -0
      objectReference: {fileID: 0}
    - target: {fileID: 7653987433646991734, guid: 7b6190ce10e7b4c45bedefc6b787820f, type: 3}
      propertyPath: m_LocalRotation.z
      value: -0
      objectReference: {fileID: 0}
    m_RemovedComponents: []
  m_SourcePrefab: {fileID: 100100000, guid: 7b6190ce10e7b4c45bedefc6b787820f, type: 3}
--- !u!4 &8095361898567765640 stripped
Transform:
  m_CorrespondingSourceObject: {fileID: 7653987433646991734, guid: 7b6190ce10e7b4c45bedefc6b787820f, type: 3}
  m_PrefabInstance: {fileID: 1900780476428724222}
  m_PrefabAsset: {fileID: 0}
--- !u!1001 &2345568151826692397
PrefabInstance:
  m_ObjectHideFlags: 0
  serializedVersion: 2
  m_Modification:
    m_TransformParent: {fileID: 2031761605179387091}
    m_Modifications:
    - target: {fileID: 7653987433646991730, guid: 4489c452e824a4846a40cf28987f47f3, type: 3}
      propertyPath: m_Name
      value: SpikesTrap
      objectReference: {fileID: 0}
    - target: {fileID: 7653987433646991734, guid: 4489c452e824a4846a40cf28987f47f3, type: 3}
      propertyPath: m_RootOrder
      value: 9
      objectReference: {fileID: 0}
    - target: {fileID: 7653987433646991734, guid: 4489c452e824a4846a40cf28987f47f3, type: 3}
      propertyPath: m_LocalPosition.x
      value: 4
      objectReference: {fileID: 0}
    - target: {fileID: 7653987433646991734, guid: 4489c452e824a4846a40cf28987f47f3, type: 3}
      propertyPath: m_LocalPosition.y
      value: 0
      objectReference: {fileID: 0}
    - target: {fileID: 7653987433646991734, guid: 4489c452e824a4846a40cf28987f47f3, type: 3}
      propertyPath: m_LocalPosition.z
      value: 8
      objectReference: {fileID: 0}
    - target: {fileID: 7653987433646991734, guid: 4489c452e824a4846a40cf28987f47f3, type: 3}
      propertyPath: m_LocalRotation.w
      value: 1
      objectReference: {fileID: 0}
    - target: {fileID: 7653987433646991734, guid: 4489c452e824a4846a40cf28987f47f3, type: 3}
      propertyPath: m_LocalRotation.x
      value: -0
      objectReference: {fileID: 0}
    - target: {fileID: 7653987433646991734, guid: 4489c452e824a4846a40cf28987f47f3, type: 3}
      propertyPath: m_LocalRotation.y
      value: -0
      objectReference: {fileID: 0}
    - target: {fileID: 7653987433646991734, guid: 4489c452e824a4846a40cf28987f47f3, type: 3}
      propertyPath: m_LocalRotation.z
      value: -0
      objectReference: {fileID: 0}
    - target: {fileID: 7653987433646991734, guid: 4489c452e824a4846a40cf28987f47f3, type: 3}
      propertyPath: m_LocalEulerAnglesHint.x
      value: 0
      objectReference: {fileID: 0}
    - target: {fileID: 7653987433646991734, guid: 4489c452e824a4846a40cf28987f47f3, type: 3}
      propertyPath: m_LocalEulerAnglesHint.y
      value: 0
      objectReference: {fileID: 0}
    - target: {fileID: 7653987433646991734, guid: 4489c452e824a4846a40cf28987f47f3, type: 3}
      propertyPath: m_LocalEulerAnglesHint.z
      value: 0
      objectReference: {fileID: 0}
    m_RemovedComponents: []
  m_SourcePrefab: {fileID: 100100000, guid: 4489c452e824a4846a40cf28987f47f3, type: 3}
--- !u!4 &5383293360994537563 stripped
Transform:
  m_CorrespondingSourceObject: {fileID: 7653987433646991734, guid: 4489c452e824a4846a40cf28987f47f3, type: 3}
  m_PrefabInstance: {fileID: 2345568151826692397}
  m_PrefabAsset: {fileID: 0}
--- !u!1001 &2820076229896681097
PrefabInstance:
  m_ObjectHideFlags: 0
  serializedVersion: 2
  m_Modification:
    m_TransformParent: {fileID: 2031761605179387091}
    m_Modifications:
    - target: {fileID: 7653987433646991730, guid: 7b6190ce10e7b4c45bedefc6b787820f, type: 3}
      propertyPath: m_Name
      value: FloorTile (2)
      objectReference: {fileID: 0}
    - target: {fileID: 7653987433646991734, guid: 7b6190ce10e7b4c45bedefc6b787820f, type: 3}
      propertyPath: m_RootOrder
      value: 6
      objectReference: {fileID: 0}
    - target: {fileID: 7653987433646991734, guid: 7b6190ce10e7b4c45bedefc6b787820f, type: 3}
      propertyPath: m_LocalPosition.z
      value: 2
      objectReference: {fileID: 0}
    - target: {fileID: 7653987433646991734, guid: 7b6190ce10e7b4c45bedefc6b787820f, type: 3}
      propertyPath: m_LocalRotation.x
      value: -0
      objectReference: {fileID: 0}
    - target: {fileID: 7653987433646991734, guid: 7b6190ce10e7b4c45bedefc6b787820f, type: 3}
      propertyPath: m_LocalRotation.y
      value: -0
      objectReference: {fileID: 0}
    - target: {fileID: 7653987433646991734, guid: 7b6190ce10e7b4c45bedefc6b787820f, type: 3}
      propertyPath: m_LocalRotation.z
      value: -0
      objectReference: {fileID: 0}
    m_RemovedComponents: []
  m_SourcePrefab: {fileID: 100100000, guid: 7b6190ce10e7b4c45bedefc6b787820f, type: 3}
--- !u!4 &5555895371631599615 stripped
Transform:
  m_CorrespondingSourceObject: {fileID: 7653987433646991734, guid: 7b6190ce10e7b4c45bedefc6b787820f, type: 3}
  m_PrefabInstance: {fileID: 2820076229896681097}
  m_PrefabAsset: {fileID: 0}
--- !u!1001 &2823009355958807154
PrefabInstance:
  m_ObjectHideFlags: 0
  serializedVersion: 2
  m_Modification:
    m_TransformParent: {fileID: 2031761605179387091}
    m_Modifications:
    - target: {fileID: 7653987433646991730, guid: 4489c452e824a4846a40cf28987f47f3, type: 3}
      propertyPath: m_Name
      value: SpikesTrap (1)
      objectReference: {fileID: 0}
    - target: {fileID: 7653987433646991734, guid: 4489c452e824a4846a40cf28987f47f3, type: 3}
      propertyPath: m_RootOrder
      value: 10
      objectReference: {fileID: 0}
    - target: {fileID: 7653987433646991734, guid: 4489c452e824a4846a40cf28987f47f3, type: 3}
      propertyPath: m_LocalPosition.x
      value: 2
      objectReference: {fileID: 0}
    - target: {fileID: 7653987433646991734, guid: 4489c452e824a4846a40cf28987f47f3, type: 3}
      propertyPath: m_LocalPosition.y
      value: 0
      objectReference: {fileID: 0}
    - target: {fileID: 7653987433646991734, guid: 4489c452e824a4846a40cf28987f47f3, type: 3}
      propertyPath: m_LocalPosition.z
      value: 8
      objectReference: {fileID: 0}
    - target: {fileID: 7653987433646991734, guid: 4489c452e824a4846a40cf28987f47f3, type: 3}
      propertyPath: m_LocalRotation.w
      value: 1
      objectReference: {fileID: 0}
    - target: {fileID: 7653987433646991734, guid: 4489c452e824a4846a40cf28987f47f3, type: 3}
      propertyPath: m_LocalRotation.x
      value: -0
      objectReference: {fileID: 0}
    - target: {fileID: 7653987433646991734, guid: 4489c452e824a4846a40cf28987f47f3, type: 3}
      propertyPath: m_LocalRotation.y
      value: -0
      objectReference: {fileID: 0}
    - target: {fileID: 7653987433646991734, guid: 4489c452e824a4846a40cf28987f47f3, type: 3}
      propertyPath: m_LocalRotation.z
      value: -0
      objectReference: {fileID: 0}
    - target: {fileID: 7653987433646991734, guid: 4489c452e824a4846a40cf28987f47f3, type: 3}
      propertyPath: m_LocalEulerAnglesHint.x
      value: 0
      objectReference: {fileID: 0}
    - target: {fileID: 7653987433646991734, guid: 4489c452e824a4846a40cf28987f47f3, type: 3}
      propertyPath: m_LocalEulerAnglesHint.y
      value: 0
      objectReference: {fileID: 0}
    - target: {fileID: 7653987433646991734, guid: 4489c452e824a4846a40cf28987f47f3, type: 3}
      propertyPath: m_LocalEulerAnglesHint.z
      value: 0
      objectReference: {fileID: 0}
    m_RemovedComponents: []
  m_SourcePrefab: {fileID: 100100000, guid: 4489c452e824a4846a40cf28987f47f3, type: 3}
--- !u!4 &5554404031730959108 stripped
Transform:
  m_CorrespondingSourceObject: {fileID: 7653987433646991734, guid: 4489c452e824a4846a40cf28987f47f3, type: 3}
  m_PrefabInstance: {fileID: 2823009355958807154}
  m_PrefabAsset: {fileID: 0}
--- !u!1001 &3573873584989993302
PrefabInstance:
  m_ObjectHideFlags: 0
  serializedVersion: 2
  m_Modification:
    m_TransformParent: {fileID: 2031761605179387091}
    m_Modifications:
    - target: {fileID: 1569605010060810757, guid: 8f19109363aabfe428a0b434e1a5f179, type: 3}
      propertyPath: m_LocalPosition.x
      value: 5
      objectReference: {fileID: 0}
    - target: {fileID: 1569605010060810757, guid: 8f19109363aabfe428a0b434e1a5f179, type: 3}
      propertyPath: m_LocalPosition.z
      value: 6
      objectReference: {fileID: 0}
    - target: {fileID: 3467307412278658240, guid: 8f19109363aabfe428a0b434e1a5f179, type: 3}
      propertyPath: m_Enabled
      value: 0
      objectReference: {fileID: 0}
    - target: {fileID: 4593326993565864292, guid: 8f19109363aabfe428a0b434e1a5f179, type: 3}
      propertyPath: m_RootOrder
      value: 4
      objectReference: {fileID: 0}
    - target: {fileID: 4593326993565864292, guid: 8f19109363aabfe428a0b434e1a5f179, type: 3}
      propertyPath: m_LocalPosition.x
      value: -2
      objectReference: {fileID: 0}
    - target: {fileID: 4593326993565864292, guid: 8f19109363aabfe428a0b434e1a5f179, type: 3}
      propertyPath: m_LocalPosition.y
      value: 0
      objectReference: {fileID: 0}
    - target: {fileID: 4593326993565864292, guid: 8f19109363aabfe428a0b434e1a5f179, type: 3}
      propertyPath: m_LocalPosition.z
      value: 2
      objectReference: {fileID: 0}
    - target: {fileID: 4593326993565864292, guid: 8f19109363aabfe428a0b434e1a5f179, type: 3}
      propertyPath: m_LocalRotation.w
      value: 1
      objectReference: {fileID: 0}
    - target: {fileID: 4593326993565864292, guid: 8f19109363aabfe428a0b434e1a5f179, type: 3}
      propertyPath: m_LocalRotation.x
      value: -0
      objectReference: {fileID: 0}
    - target: {fileID: 4593326993565864292, guid: 8f19109363aabfe428a0b434e1a5f179, type: 3}
      propertyPath: m_LocalRotation.y
      value: -0
      objectReference: {fileID: 0}
    - target: {fileID: 4593326993565864292, guid: 8f19109363aabfe428a0b434e1a5f179, type: 3}
      propertyPath: m_LocalRotation.z
      value: -0
      objectReference: {fileID: 0}
    - target: {fileID: 4593326993565864292, guid: 8f19109363aabfe428a0b434e1a5f179, type: 3}
      propertyPath: m_LocalEulerAnglesHint.x
      value: 0
      objectReference: {fileID: 0}
    - target: {fileID: 4593326993565864292, guid: 8f19109363aabfe428a0b434e1a5f179, type: 3}
      propertyPath: m_LocalEulerAnglesHint.y
      value: 0
      objectReference: {fileID: 0}
    - target: {fileID: 4593326993565864292, guid: 8f19109363aabfe428a0b434e1a5f179, type: 3}
      propertyPath: m_LocalEulerAnglesHint.z
      value: 0
      objectReference: {fileID: 0}
    - target: {fileID: 5894730395454821383, guid: 8f19109363aabfe428a0b434e1a5f179, type: 3}
      propertyPath: _color.b
      value: 1
      objectReference: {fileID: 0}
    - target: {fileID: 5894730395454821383, guid: 8f19109363aabfe428a0b434e1a5f179, type: 3}
      propertyPath: _color.g
      value: 0.8979106
      objectReference: {fileID: 0}
    - target: {fileID: 5894730395454821383, guid: 8f19109363aabfe428a0b434e1a5f179, type: 3}
      propertyPath: _color.r
      value: 0
      objectReference: {fileID: 0}
    - target: {fileID: 7094845911814782162, guid: 8f19109363aabfe428a0b434e1a5f179, type: 3}
      propertyPath: m_Name
      value: TeleporterTrap (1)
      objectReference: {fileID: 0}
    m_RemovedComponents: []
  m_SourcePrefab: {fileID: 100100000, guid: 8f19109363aabfe428a0b434e1a5f179, type: 3}
--- !u!4 &1019561220888209458 stripped
Transform:
  m_CorrespondingSourceObject: {fileID: 4593326993565864292, guid: 8f19109363aabfe428a0b434e1a5f179, type: 3}
  m_PrefabInstance: {fileID: 3573873584989993302}
  m_PrefabAsset: {fileID: 0}
--- !u!1001 &5019267212596630614
PrefabInstance:
  m_ObjectHideFlags: 0
  serializedVersion: 2
  m_Modification:
    m_TransformParent: {fileID: 2031761605179387091}
    m_Modifications:
    - target: {fileID: 7653987433646991730, guid: 4489c452e824a4846a40cf28987f47f3, type: 3}
      propertyPath: m_Name
      value: SpikesTrap (2)
      objectReference: {fileID: 0}
    - target: {fileID: 7653987433646991734, guid: 4489c452e824a4846a40cf28987f47f3, type: 3}
      propertyPath: m_RootOrder
      value: 11
      objectReference: {fileID: 0}
    - target: {fileID: 7653987433646991734, guid: 4489c452e824a4846a40cf28987f47f3, type: 3}
      propertyPath: m_LocalPosition.x
      value: 3
      objectReference: {fileID: 0}
    - target: {fileID: 7653987433646991734, guid: 4489c452e824a4846a40cf28987f47f3, type: 3}
      propertyPath: m_LocalPosition.y
      value: 0
      objectReference: {fileID: 0}
    - target: {fileID: 7653987433646991734, guid: 4489c452e824a4846a40cf28987f47f3, type: 3}
      propertyPath: m_LocalPosition.z
      value: 7
      objectReference: {fileID: 0}
    - target: {fileID: 7653987433646991734, guid: 4489c452e824a4846a40cf28987f47f3, type: 3}
      propertyPath: m_LocalRotation.w
      value: 1
      objectReference: {fileID: 0}
    - target: {fileID: 7653987433646991734, guid: 4489c452e824a4846a40cf28987f47f3, type: 3}
      propertyPath: m_LocalRotation.x
      value: -0
      objectReference: {fileID: 0}
    - target: {fileID: 7653987433646991734, guid: 4489c452e824a4846a40cf28987f47f3, type: 3}
      propertyPath: m_LocalRotation.y
      value: -0
      objectReference: {fileID: 0}
    - target: {fileID: 7653987433646991734, guid: 4489c452e824a4846a40cf28987f47f3, type: 3}
      propertyPath: m_LocalRotation.z
      value: -0
      objectReference: {fileID: 0}
    - target: {fileID: 7653987433646991734, guid: 4489c452e824a4846a40cf28987f47f3, type: 3}
      propertyPath: m_LocalEulerAnglesHint.x
      value: 0
      objectReference: {fileID: 0}
    - target: {fileID: 7653987433646991734, guid: 4489c452e824a4846a40cf28987f47f3, type: 3}
      propertyPath: m_LocalEulerAnglesHint.y
      value: 0
      objectReference: {fileID: 0}
    - target: {fileID: 7653987433646991734, guid: 4489c452e824a4846a40cf28987f47f3, type: 3}
      propertyPath: m_LocalEulerAnglesHint.z
      value: 0
      objectReference: {fileID: 0}
    m_RemovedComponents: []
  m_SourcePrefab: {fileID: 100100000, guid: 4489c452e824a4846a40cf28987f47f3, type: 3}
--- !u!4 &3427355776451312928 stripped
Transform:
  m_CorrespondingSourceObject: {fileID: 7653987433646991734, guid: 4489c452e824a4846a40cf28987f47f3, type: 3}
  m_PrefabInstance: {fileID: 5019267212596630614}
  m_PrefabAsset: {fileID: 0}
--- !u!1001 &5108142632362939852
PrefabInstance:
  m_ObjectHideFlags: 0
  serializedVersion: 2
  m_Modification:
    m_TransformParent: {fileID: 2031761605179387091}
    m_Modifications:
    - target: {fileID: 1569605010060810757, guid: 8f19109363aabfe428a0b434e1a5f179, type: 3}
      propertyPath: m_LocalPosition.x
      value: -5
      objectReference: {fileID: 0}
    - target: {fileID: 1569605010060810757, guid: 8f19109363aabfe428a0b434e1a5f179, type: 3}
      propertyPath: m_LocalPosition.z
      value: 6
      objectReference: {fileID: 0}
    - target: {fileID: 3467307412278658240, guid: 8f19109363aabfe428a0b434e1a5f179, type: 3}
      propertyPath: m_Enabled
      value: 0
      objectReference: {fileID: 0}
    - target: {fileID: 4593326993565864292, guid: 8f19109363aabfe428a0b434e1a5f179, type: 3}
      propertyPath: m_RootOrder
      value: 3
      objectReference: {fileID: 0}
    - target: {fileID: 4593326993565864292, guid: 8f19109363aabfe428a0b434e1a5f179, type: 3}
      propertyPath: m_LocalPosition.x
      value: 2
      objectReference: {fileID: 0}
    - target: {fileID: 4593326993565864292, guid: 8f19109363aabfe428a0b434e1a5f179, type: 3}
      propertyPath: m_LocalPosition.y
      value: 0
      objectReference: {fileID: 0}
    - target: {fileID: 4593326993565864292, guid: 8f19109363aabfe428a0b434e1a5f179, type: 3}
      propertyPath: m_LocalPosition.z
      value: 2
      objectReference: {fileID: 0}
    - target: {fileID: 4593326993565864292, guid: 8f19109363aabfe428a0b434e1a5f179, type: 3}
      propertyPath: m_LocalRotation.w
      value: 1
      objectReference: {fileID: 0}
    - target: {fileID: 4593326993565864292, guid: 8f19109363aabfe428a0b434e1a5f179, type: 3}
      propertyPath: m_LocalRotation.x
      value: -0
      objectReference: {fileID: 0}
    - target: {fileID: 4593326993565864292, guid: 8f19109363aabfe428a0b434e1a5f179, type: 3}
      propertyPath: m_LocalRotation.y
      value: -0
      objectReference: {fileID: 0}
    - target: {fileID: 4593326993565864292, guid: 8f19109363aabfe428a0b434e1a5f179, type: 3}
      propertyPath: m_LocalRotation.z
      value: -0
      objectReference: {fileID: 0}
    - target: {fileID: 4593326993565864292, guid: 8f19109363aabfe428a0b434e1a5f179, type: 3}
      propertyPath: m_LocalEulerAnglesHint.x
      value: 0
      objectReference: {fileID: 0}
    - target: {fileID: 4593326993565864292, guid: 8f19109363aabfe428a0b434e1a5f179, type: 3}
      propertyPath: m_LocalEulerAnglesHint.y
      value: 0
      objectReference: {fileID: 0}
    - target: {fileID: 4593326993565864292, guid: 8f19109363aabfe428a0b434e1a5f179, type: 3}
      propertyPath: m_LocalEulerAnglesHint.z
      value: 0
      objectReference: {fileID: 0}
    - target: {fileID: 5894730395454821383, guid: 8f19109363aabfe428a0b434e1a5f179, type: 3}
      propertyPath: _color.g
      value: 0.118188456
      objectReference: {fileID: 0}
    - target: {fileID: 5894730395454821383, guid: 8f19109363aabfe428a0b434e1a5f179, type: 3}
      propertyPath: _color.r
      value: 1
      objectReference: {fileID: 0}
    - target: {fileID: 7094845911814782162, guid: 8f19109363aabfe428a0b434e1a5f179, type: 3}
      propertyPath: m_Name
      value: TeleporterTrap
      objectReference: {fileID: 0}
    m_RemovedComponents: []
  m_SourcePrefab: {fileID: 100100000, guid: 8f19109363aabfe428a0b434e1a5f179, type: 3}
--- !u!4 &8745148493459440808 stripped
Transform:
  m_CorrespondingSourceObject: {fileID: 4593326993565864292, guid: 8f19109363aabfe428a0b434e1a5f179, type: 3}
  m_PrefabInstance: {fileID: 5108142632362939852}
  m_PrefabAsset: {fileID: 0}
--- !u!1001 &5234802762762155942
PrefabInstance:
  m_ObjectHideFlags: 0
  serializedVersion: 2
  m_Modification:
    m_TransformParent: {fileID: 2031761605179387091}
    m_Modifications:
    - target: {fileID: 7653987433646991730, guid: 7b6190ce10e7b4c45bedefc6b787820f, type: 3}
      propertyPath: m_Name
      value: FloorTile (5)
      objectReference: {fileID: 0}
    - target: {fileID: 7653987433646991734, guid: 7b6190ce10e7b4c45bedefc6b787820f, type: 3}
      propertyPath: m_RootOrder
      value: 13
      objectReference: {fileID: 0}
    - target: {fileID: 7653987433646991734, guid: 7b6190ce10e7b4c45bedefc6b787820f, type: 3}
      propertyPath: m_LocalPosition.x
      value: 1
      objectReference: {fileID: 0}
    - target: {fileID: 7653987433646991734, guid: 7b6190ce10e7b4c45bedefc6b787820f, type: 3}
      propertyPath: m_LocalPosition.z
      value: 1
      objectReference: {fileID: 0}
    - target: {fileID: 7653987433646991734, guid: 7b6190ce10e7b4c45bedefc6b787820f, type: 3}
      propertyPath: m_LocalRotation.x
      value: -0
      objectReference: {fileID: 0}
    - target: {fileID: 7653987433646991734, guid: 7b6190ce10e7b4c45bedefc6b787820f, type: 3}
      propertyPath: m_LocalRotation.y
      value: -0
      objectReference: {fileID: 0}
    - target: {fileID: 7653987433646991734, guid: 7b6190ce10e7b4c45bedefc6b787820f, type: 3}
      propertyPath: m_LocalRotation.z
      value: -0
      objectReference: {fileID: 0}
    m_RemovedComponents: []
  m_SourcePrefab: {fileID: 100100000, guid: 7b6190ce10e7b4c45bedefc6b787820f, type: 3}
--- !u!4 &2494339314507243216 stripped
Transform:
  m_CorrespondingSourceObject: {fileID: 7653987433646991734, guid: 7b6190ce10e7b4c45bedefc6b787820f, type: 3}
  m_PrefabInstance: {fileID: 5234802762762155942}
  m_PrefabAsset: {fileID: 0}
--- !u!1001 &6013382861668909332
PrefabInstance:
  m_ObjectHideFlags: 0
  serializedVersion: 2
  m_Modification:
    m_TransformParent: {fileID: 2031761605179387091}
    m_Modifications:
    - target: {fileID: 7653987433646991734, guid: 7b6190ce10e7b4c45bedefc6b787820f, type: 3}
      propertyPath: m_RootOrder
      value: 1
      objectReference: {fileID: 0}
    - target: {fileID: 7653987433646991734, guid: 7b6190ce10e7b4c45bedefc6b787820f, type: 3}
      propertyPath: m_LocalRotation.x
      value: -0
      objectReference: {fileID: 0}
    - target: {fileID: 7653987433646991734, guid: 7b6190ce10e7b4c45bedefc6b787820f, type: 3}
      propertyPath: m_LocalRotation.y
      value: -0
      objectReference: {fileID: 0}
    - target: {fileID: 7653987433646991734, guid: 7b6190ce10e7b4c45bedefc6b787820f, type: 3}
      propertyPath: m_LocalRotation.z
      value: -0
      objectReference: {fileID: 0}
    m_RemovedComponents: []
  m_SourcePrefab: {fileID: 100100000, guid: 7b6190ce10e7b4c45bedefc6b787820f, type: 3}
--- !u!4 &4128603346420869218 stripped
Transform:
  m_CorrespondingSourceObject: {fileID: 7653987433646991734, guid: 7b6190ce10e7b4c45bedefc6b787820f, type: 3}
  m_PrefabInstance: {fileID: 6013382861668909332}
  m_PrefabAsset: {fileID: 0}
--- !u!1001 &6926065149154512128
PrefabInstance:
  m_ObjectHideFlags: 0
  serializedVersion: 2
  m_Modification:
    m_TransformParent: {fileID: 2031761605179387091}
    m_Modifications:
    - target: {fileID: 7653987433646991730, guid: 7b6190ce10e7b4c45bedefc6b787820f, type: 3}
      propertyPath: m_Name
      value: FloorTile (3)
      objectReference: {fileID: 0}
    - target: {fileID: 7653987433646991734, guid: 7b6190ce10e7b4c45bedefc6b787820f, type: 3}
      propertyPath: m_RootOrder
      value: 7
      objectReference: {fileID: 0}
    - target: {fileID: 7653987433646991734, guid: 7b6190ce10e7b4c45bedefc6b787820f, type: 3}
      propertyPath: m_LocalPosition.z
      value: 1
      objectReference: {fileID: 0}
    - target: {fileID: 7653987433646991734, guid: 7b6190ce10e7b4c45bedefc6b787820f, type: 3}
      propertyPath: m_LocalRotation.x
      value: -0
      objectReference: {fileID: 0}
    - target: {fileID: 7653987433646991734, guid: 7b6190ce10e7b4c45bedefc6b787820f, type: 3}
      propertyPath: m_LocalRotation.y
      value: -0
      objectReference: {fileID: 0}
    - target: {fileID: 7653987433646991734, guid: 7b6190ce10e7b4c45bedefc6b787820f, type: 3}
      propertyPath: m_LocalRotation.z
      value: -0
      objectReference: {fileID: 0}
    m_RemovedComponents: []
  m_SourcePrefab: {fileID: 100100000, guid: 7b6190ce10e7b4c45bedefc6b787820f, type: 3}
--- !u!4 &731340752378160246 stripped
Transform:
  m_CorrespondingSourceObject: {fileID: 7653987433646991734, guid: 7b6190ce10e7b4c45bedefc6b787820f, type: 3}
  m_PrefabInstance: {fileID: 6926065149154512128}
  m_PrefabAsset: {fileID: 0}
